@article{goldwater2009,
	author = {Sharon Goldwater, Thomas L Griffiths, and Mark Johnson},
	year = "2009",
	title = {A Bayesian frame-
work for word segmentation: Exploring the effects of context},
	journal = {Cognition},
	volume = "112",
	number = "1",
	pages = "21-54"
}

@article{venkataraman2001,
	author = {Venkataraman},
	year = "2001",
	title = {A statistical model for word discovery in transcribed speech},
	journal = {Computational Linguistics},
	volume = "27",
	number = "3",
	pages = "351-372"
}

@article{batchelder2001,
	author = {Batchelder},
	year = "2002",
	title = {Bootstrapping the lexicon: A computational model of infant speech segmentation},
	journal = {Cognition},
	volume = "83",
	pages = "167-206"
}

@article{brent1999,
	author = {Brent},
	year = "1999",
	title = {An efficient, probabilistically sound algorithm for segmentation and word discovery},
	journal = {Machine Learning},
	volume = "34",
	pages = "71-105"
}

@article{mac1985,
	author = {MacWhinney and C. Snow},
	year = "1985",
	title = {The child language data exchange system. Journal of Child Language},
	journal = {Journal of Child Language},
	volume = "12",
	pages = "271-296"
}